

%trick for sorting with van and von
@preamble{"\newcommand{\SortNoop}[1]{}"}

@ARTICLE{a1,
  AUTHOR =       "Edmund Clarke and Orna Grumberg and Somesh Jha and Yuan Lu and Helmut Veith",
  TITLE =        "Progress on the State Explosion Problemin Model Checking",
  pages =        "17",
  address = {Switzerland},
}

@ARTICLE{a2,
  AUTHOR =       "Edmund Clarke and William Klieber and Milos Novacek and Paolo Zuliani",
  TITLE =        "Model Checking and the State Explosion Problem",
  pages =        "17",
}

@ARTICLE{a3,
  AUTHOR =       "Edmund Clarke",
  TITLE =        "The Birth of Model Checking",
  address = {Pittsburgh, PA, USA},
}

@BOOK{principle,
  AUTHOR =       "Christel Baier and Joost-Pieter Katoen",
  TITLE =        "Principles of Model Checking",
  PUBLISHER =    "The MIT Press",
  address = {Cambridge, Massachusetts and London, England},
  pages =        "313-433",
}

@unpublished {LectureA,
  Author = {Jonathan Aldrich},
  Institution = {Carnegie Mellon University},
  Howpublished = {University Lecture},
  Year = {2006},
  Title = {Formal Verification by Model Checking}
}

@unpublished {LectureB,
  Author = {Martin Franzle},
  Institution = {Carl von Ossietzky University},
  Howpublished = {University Lecture},
  Title = {Computation Tree Logic and Basic Model Checking Algorithms}
}

@unpublished {LectureC,
  Author = {Joost-Pieter Katoen},
  Institution = {University of Twente},
  Howpublished = {University Lecture},
  Year = {2009},
  Title = {CTL Model Checking}
}

@unpublished {LectureD,
  Author = {Arie Gurfinkle},
  Title = {Model Checking}
}
